Untuk setiap referensi, baris pertama (Newton1687) merupakan label dan baris-baris berikutnya
merupakan atribut dari referensi yang akan digunakan. Umumnya, format referensi berikut sudah
disediakan oleh penyedia sumber referensi secara online dan bisa langsung digunakan di sini.

Lihat https://www.bibtex.com/g/bibtex-format/ untuk informasi lebih lanjut mengenai format
BibTex yang digunakan pada file ini.

@misc{Khan2019Wheelchair,
  title={The economical design of a hand-gesture and bluetooth controlled wheel-chair by integrating indigenous components: mobility aid for the disabled},
  author={Khan, H A and Islam, R M S U and Attari, A W and Mirza, S I and Ahmed, M},
  year={2019},
  journal={IOP Conference Series: Materials Science and Engineering},
  volume={473},
  pages={012004},
  doi={10.1088/1757-899X/473/1/012004}
}

@article{Rabhi2018Joystick,
  title={Intelligent Touchscreen Joystick for Controlling Electric Wheelchair},
  author={Rabhi, Y. and Mrabet, M. and Fnaiech, F. and Gorce, P. and Miri, I. and Dziri, C.},
  year={2018},
  journal={IRBM},
  volume={39},
  number={2018},
  pages={180-193},
  url={https://doi.org/10.1016/j.irbm.2018.04.003}
}

@inproceedings{Gujjar2022SmartWheelchair,
  title={Smart Wheelchair with Remote Patient Health Monitoring System},
  author={Gujjar, M. and Navadiya, V. and Surve, K. and Gomes, T. and Dsilva, P.},
  year={2022},
  booktitle={Proceedings of the International Conference on Applied Artificial Intelligence and Computing (ICAAIC 2022)},
  publisher={IEEE},
  doi={10.1109/ICAAIC53929.2022.9792939}
}

@article{Salafi2009TouchScreen,
  title={The use of computer touch-screen technology for the collection of patient-reported outcome data in rheumatoid arthritis: comparison with standardized paper questionnaires},
  author={Salafì, F. and Gasparini, S. and Grassi, W.},
  year={2009},
  journal={Clinical and Experimental Rheumatology},
  volume={27},
  pages={459-468}
}

@article{Rathod2012Touchpad,
  title={Touchpad: A versatile Input Device},
  author={Rathod, V. and Chavan, S. and Londhe, A. and Kawade, A. and Ugale, P.},
  year={2012},
  journal={International Journal of Computer Science and Information Technologies (IJCSIT)},
  volume={3},
  number={3},
  pages={3917-3920}
}

@article{Kumar2017SolarWheelChair,
  title={Touchpad Control of Solar Powered Wheel Chair},
  author={Kumar, K. N. and Kumar, S. Y. and Kalyan, K. S.},
  year={2017},
  journal={International Journal for Research in Applied Science \& Engineering Technology (IJRASET)},
  volume={5},
  number={II},
  pages={1245-1248},
  issn={2321-9653}
}

@article{Fahrozi2020AutoWheelChair,
  title={Kursi Roda Otomatis dengan Pengatur Posisi Duduk Otomatis},
  author={Fahrozi, F.},
  year={2020},
  journal={Jurnal Perancangan, Manufaktur, Material, dan Energi (JURNAL PERMADI)},
  volume={2},
  number={1},
  pages={45-52},
  issn={1570009926}
}

@misc{Asnan2019SNI,
  title={Perancangan draf Standar Nasional Indonesia (SNI) kursi roda elektrik},
  author={Asnan, S. L.},
  year={2019}
}

@misc{sains_2023, title={Bantalan sentuh}, url={https://p2k.stekom.ac.id/ensiklopedia/Bantalan_sentuh}, journal={Stekom.ac.id}, author={SAINS, UNIVERSITAS}, year={2023} }

@misc{alatkesehatanonline2023, title={GESUNDE}, url={https://www.alatkesehatan.id/toko/kursi-roda-elektrik-otomatis/}, journal={Alat Kesehatan (Alkes) Online}, year={2023} }

‌

@misc{MicrosoftTouchGestures,
  title={Touch gestures for Windows},
  author={Microsoft},
  year={2021},
  url={https://support.microsoft.com/en-us/windows/touch-gestures-for-windows-a9d28305-4818-a5df-4e2b-e5590f850741},
  urldate={2023-12-13}
}

@misc{WinPoinPrecisionTouchpad,
  title={Precision Touchpad akan Jadi Syarat Minimal di Windows 10},
  author={Legenda, A.},
  year={2021},
  url={https://winpoin.com/precision-touchpad-akan-jadi-syarat-minimal-di-windows-10/},
  urldate={2023-12-13}
}

@misc{Besari24JamIoT,
  title={24 Jam Belajar Internet of Things (IoT) dengan Raspberry Pi},
  author={Besari, A.R. Anom},
  year={2021}
}

@article{PosugadeWheelchair,
  title={Touch-Screen Based Wheelchair System},
  author={Vasundhara G. Posugade and Komal K. Shedge and Chaitali S. Tikhe},
  journal={International Journal of Engineering Research and Applications},
  year={2012},
  url={URL Artikel Jika Tersedia}
}

@conference{KhanHandGestureWheelchair,
  title={The economical design of a hand-gesture and bluetooth controlled wheel-chair by integrating indigenous components: mobility aid for the disabled},
  author={H A Khan and R M S U Islam and A W Attari and S I Mirza and M Ahmed},
  booktitle={IOP Conference Series: Materials Science and Engineering},
  volume={473},
  pages={012004},
  year={2019},
  doi={10.1088/1757-899X/473/1/012004}
}

@article{RabhiIntelligentJoystick,
  title={Intelligent Touchscreen Joystick for Controlling Electric Wheelchair},
  author={Y. Rabhi and M. Mrabet and F. Fnaiech and P. Gorce and I. Miri and C. Dziri},
  journal={IRBM},
  volume={39},
  number={2018},
  pages={180--193},
  year={2018},
  doi={10.1016/j.irbm.2018.04.003}
}

@inproceedings{GujjarSmartWheelchair,
  title={Smart Wheelchair with Remote Patient Health Monitoring System},
  author={M. Gujjar and V. Navadiya and K. Surve and T. Gomes and P. Dsilva},
  booktitle={Proceedings of the International Conference on Applied Artificial Intelligence and Computing (ICAAIC 2022)},
  organization={IEEE},
  year={2022},
  doi={10.1109/ICAAIC53929.2022.9792939}
}

@misc{RaspberryPi5,
  title={Raspberry Pi 5},
  howpublished={\url{https://thepihut.com/products/raspberry-pi-5}},
  note={Diakses pada 13 Desember 2023},
  year={2023}
}

@misc{raspberrypiltd_2023, title={Buy a Raspberry Pi 4 Model B – Raspberry Pi}, url={https://www.raspberrypi.com/products/raspberry-pi-4-model-b/}, journal={Raspberry Pi}, author={Raspberry Pi Ltd}, year={2023} }

‌
